% Encoding: UTF-8

@PhDThesis{upm56279,
          number = {10.20868/UPM.thesis.56279},
           title = {Contribution to public health data processing architectures applied to resilient smart cities affected by natural hazards = Contribuci{\'o}n a las arquitecturas de procesamiento de datos de salud p{\'u}blica aplicadas a ciudades inteligentes resilientes afectadas por peligros naturales},
          school = {Escuela Técnica Superior de Ingenieros en Telecomunicación},
          author = {Washington Vel{\'a}squez Vargas},
            year = {2019},
        keywords = {Ciudades Inteligentes; Emergencias; Indice de Masa Corporal; Riesgos Naturales; Salud Publica = Smart Cities; Emergencies; Body Mass Index; Natural Hazards; Public Health},
             url = {http://oa.upm.es/56279/},
}

@book{ref:young2006sears,
  title={Sears and Zemansky's university physics},
  author={Young, Hugh D and Freedman, Roger A and Ford, Albert Lewis},
  volume={1},
  year={2006},
  publisher={Pearson education}
}

@article{velasquez2017relation,
  title={Relation between BMI and Exit Time of a Building in an Emergency Situation: Earthquake.},
  author={Vel{\'a}squez, Washington and Munoz-Arcentales, Andres and Salvach{\'u}a, Joaqu{\'\i}n},
  journal={Engineering Letters},
  volume={25},
  number={4},
  year={2017}
}

@INPROCEEDINGS{6469518,
  author={Stipaničev, Darko and Šerić, Ljiljana and Braović, Maja and Krstinić, Damir and Jakovčević, Toni and Štula, Maja and Bugarić, Marin and Maras, Josip},
  booktitle={2012 3rd International Conference on Image Processing Theory, Tools and Applications (IPTA)}, 
  title={Vision based wildfire and natural risk observers}, 
  year={2012},
  volume={},
  number={},
  pages={37-42},
  doi={10.1109/IPTA.2012.6469518}}
